@DocuShare{Document-11622,
   author = {William Smith and Victor Perez Vera},
   title = {Supplementary and Clarifying Agreement between the Universidad de Chile and AURA covering the use of the LSST on Cerro Pachon},
   year = 2011,
   handle = {Document-11622},
}
